<record><leader>00000cas a22000007a 4500</leader><controlfield tag="001">20607945</controlfield><controlfield tag="008">891107d19061910mnucr ne      0    0eng d</controlfield><datafield ind1=" " ind2=" " tag="010"><subfield code="a">sn 89064355 </subfield></datafield><datafield ind1=" " ind2=" " tag="040"><subfield code="a">MN#</subfield><subfield code="b">eng</subfield><subfield code="c">MN#</subfield><subfield code="d">OCLCQ</subfield><subfield code="d">OCLCF</subfield><subfield code="d">OCLCO</subfield></datafield><datafield ind1=" " ind2=" " tag="042"><subfield code="a">msc</subfield></datafield><datafield ind1=" " ind2=" " tag="043"><subfield code="a">n-us-mn</subfield></datafield><datafield ind1=" " ind2=" " tag="052"><subfield code="a">4144</subfield><subfield code="b">A4</subfield></datafield><datafield ind1=" " ind2=" " tag="052"><subfield code="a">4143</subfield><subfield code="b">F7</subfield></datafield><datafield ind1="0" ind2="0" tag="245"><subfield code="a">Semi-weekly tribune.</subfield></datafield><datafield ind1=" " ind2=" " tag="260"><subfield code="a">Albert Lea, Minn. :</subfield><subfield code="b">Hurley &amp; Co.</subfield></datafield><datafield ind1=" " ind2=" " tag="300"><subfield code="a">v.</subfield></datafield><datafield ind1=" " ind2=" " tag="310"><subfield code="a">Semiweekly</subfield></datafield><datafield ind1="1" ind2=" " tag="362"><subfield code="a">Began in Mar. 1906; ceased in Nov. 1910.</subfield></datafield><datafield ind1=" " ind2=" " tag="530"><subfield code="a">Available on microfilm from the Minnesota Historical Society.</subfield></datafield><datafield ind1=" " ind2=" " tag="588"><subfield code="a">Description based on: Vol. 9, no. 60 (May 11, 1906).</subfield></datafield><datafield ind1=" " ind2="0" tag="651"><subfield code="a">Albert Lea (Minn.)</subfield><subfield code="v">Newspapers.</subfield></datafield><datafield ind1=" " ind2="7" tag="655"><subfield code="a">Newspapers.</subfield><subfield code="2">fast</subfield><subfield code="0">(OCoLC)fst01423814</subfield></datafield><datafield ind1=" " ind2="7" tag="651"><subfield code="a">Minnesota</subfield><subfield code="z">Albert Lea.</subfield><subfield code="2">fast</subfield><subfield code="0">(OCoLC)fst01212828</subfield></datafield><datafield ind1=" " ind2=" " tag="752"><subfield code="a">United States</subfield><subfield code="b">Minnesota</subfield><subfield code="c">Freeborn</subfield><subfield code="d">Albert Lea.</subfield></datafield><datafield ind1="0" ind2=" " tag="775"><subfield code="t">Evening tribune (Albert Lea, Minn. : 1905)</subfield><subfield code="w">(DLC)sn 83016498</subfield></datafield><datafield ind1="0" ind2="0" tag="780"><subfield code="t">Weekly tribune (Albert Lea, Minn.)</subfield></datafield><datafield ind1="0" ind2="4" tag="785"><subfield code="t">Times-enterprise (Albert Lea, Minn. : 1909)</subfield><subfield code="w">(DLC)sn 89064419</subfield></datafield></record>